% !TeX encoding = Windows-1251
